@article{tabari2020,
  title={Climate change impact on flood and extreme precipitation increases with water availability},
  author={Tabari, Hossein},
  journal={Scientific reports},
  volume={10},
  number={1},
  pages={1--10},
  year={2020},
  publisher={Nature Publishing Group}
}

@article{reboita14,
  title={Climate projections for {South America: RegCM3 driven by HadCM3 and ECHAM5}},
  author={Reboita, Michelle Sim{\~o}es and da Rocha, Rosmeri Porf{\'\i}rio and Dias, C{\'a}ssia Gabriele and Ynoue, Rita Yuri},
  journal={Advances in Meteorology},
  volume={2014},
  year={2014}
}

@article{reboita21,
  title={South {America climate change revealed through climate indices projected by GCMs and Eta-RCM} ensembles},
  author={Reboita, Michelle Sim{\~o}es and Kuki, Cassia Akemi Castro and Marrafon, Vitor Hugo and de Souza, Christie Andre and Ferreira, Glauber Willian S and Teodoro, Thales and Lima, Jos{\'e} Wanderley Marangon},
  journal={Climate Dynamics},
  pages={1--27},
  year={2021}
}

@article{blazquez20,
  title={Multiscale precipitation variability and extremes over {South America: analysis of future changes from a set of CORDEX} regional climate model simulations},
  author={Bl{\'a}zquez, Josefina and Silvina, A Solman},
  journal={Climate Dynamics},
  volume={55},
  number={7},
  pages={2089--2106},
  year={2020}
}


@article{llopart20,
  title={Assessment of multi-model climate projections of water resources over {South America CORDEX} domain},
  author={Llopart, Marta and Reboita, Michelle Sim{\~o}es and da Rocha, Rosmeri Porf{\'\i}rio},
  journal={Climate Dynamics},
  volume={54},
  number={1},
  pages={99--116},
  year={2020}
}

@article{solman2013,
  title={Regional climate modeling over South America: a review},
  author={Solman, Silvina A},
  journal={Advances in Meteorology},
  volume={2013},
  year={2013},
  publisher={Hindawi}
}

@article{barr2019,
  title={Holocene el {Ni{\~n}o--Southern Oscillation variability reflected in subtropical Australian precipitation}},
  author={Barr, C and Tibby, J and Leng, MJ and Tyler, JJ and Henderson, ACG and Overpeck, JT and Simpson, GL and Cole, JE and Phipps, SJ and Marshall, JC and McGregor GB and Hua Q and McRobie FH},
  journal={Scientific reports},
  volume={9},
  number={1},
  pages={1--9},
  year={2019},
  publisher={Nature Publishing Group}
}

@article{fraedrich1994,
  title={An ENSO impact on Europe?},
  author={Fraedrich, Klaus},
  journal={Tellus A},
  volume={46},
  number={4},
  pages={541--552},
  year={1994},
  publisher={Wiley Online Library}
}

